%%
% BibTeX Entries

@misc{Arora21,
	author		= {N. Arora and D. Ensslen and L. Fiedler and WW. Liu and K. Robinson and E. Stein and G. Schüler},
	title		= {The value of getting personalization rightor wrongis multiplying},
	url		= {https://www.mckinsey.com/capabilities/growth-marketing-and-sales/our-insights/the-valu e-of-getting-personalization-right-or-wrong-is-multiplying},
	year		= {2021},
	howpublished 	= {McKinsey.com},
	month		= {November},
	day		= {12},
	note		= {Accessed May 25, 2023}
}

@article{Barocas16,
	title		= {Big data's disparate impact},
	author		= {S. Barocas and A. Selbst},
	journal		= {California Law Review},
	pages		= {671--732},
	volume		= {104},
	number		= {3},
	month 		= {June},
	year		= {2016},
	publisher	= {JSTOR}
}

@inproceedings{Brynjolfsson18,
	title		= {What can machines learn, and what does it mean for occupations and the economy?},
	author		= {E. Brynjolfsson and T. Mitchell and D. Rock},
	booktitle	= {AEA Papers and Proceedings},
	volume		= {108},
	pages		= {43--47},
	url		= {https://www.aeaweb.org/articles?id=10.1257/pandp.20181019},
	year		= {2018}
}


@article{Choudhary23,
	title		= {Product Recommendation and Consumer Search},
	author		= {V. Choudhary and Z. Zhang},
	journal		= {Journal of Management Information Systems},
	pages		= {752--777},
	volume		= {40},
	number		= {3},
	month 		= {Fall},
	year		= {2023}
}


@misc{Chouldechova17,
	title		= {Fairer and more accurate, but for whom?},
	author		= {A. Chouldechova and M. G'Sell},
	url		= {https://arxiv.org/abs/ 1707.00046},
	year		= {2017},
      	eprint		= {1707.00046},
      	archivePrefix	= {arXiv},
      	primaryClass	= {stat.AP}

}

@misc{Corbett18,
  	author       	= {S. Corbett{-}Davies and S. Goel},
  	title        	= {The Measure and Mismeasure of Fairness: {A} Critical Review of Fair Machine Learning},
  	howpublished	= {CoRR},
  	year         	= {2018},
  	url          	= {http://arxiv.org/abs/1808.00023}
}

@misc{Counts18,
  	author       	= {L. Counts},
  	title        	= {Minority homebuyers face widespreadstatistical lending discrimination, study finds},
  	howpublished	= {Berkeley Newsroom},
  	year         	= {2018},
  	url          	= {https://newsroom.haas.berkeley.edu/ minority-homebuyers-face-widespread-statistical-lending-discrimination-study-finds/}
}

@misc{Cowgill20,
	title		= {Algorithmic Fairness and Economics},
	author		= {B. Cowgill and C.E. Tucker},
	howpublished 	= {Social Science Research Network},
	url		= {https://ssrn.com/abstract=3361280},
	year		= {2020},
	month		= {September},
	note		= {Accessed June 4, 2023}
}

@article{Dressel18,
	title		= {The accuracy, fairness, and limits of predicting recidivism},
	author		= {J. Dressel and H. Farid},
	journal		= {Science Advances},
	volume		= {4},
	number		= {1},
	pages		= {eaao5580},
	year		= {2018},
	URL 		= {https://www.science.org/doi/abs/10.1126/sciadv.aao5580},
	publisher	= {American Association for the Advancement of Science}
}

@article{Fleder09,
	author    	= {D. Fleder and K. Hosanagar},
	title     	= {Blockbuster Culture's Next Rise or Fall: The Impact of Recommender Systems on Sales Diversity},
	journal   	= {Management Science},
	year      	= {2009},
	volume    	= {55},
	number    	= {5},
	month		= {May},
	pages     	= {697--712}
}

@article{Fu22,
	author    	= {R. Fu and M. Aseri and P.V. Singh and K. Srinivasan},
	title     	= {{``Un"}Fair Machine Learning Algorithms},
	journal   	= {Management Science},
	year      	= {2022},
	volume    	= {68},
	number    	= {6},
	month		= {June},
	pages     	= {4173--4195}
}

@misc{Hardt16,
	title		= {Equality of opportunity in supervised learning},
	author		= {M. Hardt and E. Price and N. Srebro},
	url		= {https://arxiv.org/abs/1610.02413},
	year		= {2016},
      	eprint		= {1610.02413},
      	archivePrefix	= {arXiv},
      	primaryClass	= {cs.LG}
}

@misc{Klein20,
	author		= {A. Klein},
	howpublished	= {Brookings Institution Report},
	title		= {Reducing bias in {AI}-based financial services},
	url		= {https://www.brookings.edu/research/reducing-bias-in-ai-based-financial-services/},
	year		= {2020},
	month		= {July},
	day		= {10},
	note		= {Accessed April 25, 2023}
}

@article{Kochling20,
	title		= {Discriminated by an algorithm: {A} systematic review of discrimination and fairness by algorithmic decision-making in the context of {HR} recruitment and {HR} development},
	author		= {A. K{\"o}chling and M.C. Wehner},
	journal		= {Business Research},
	volume		= {13},
	number		= {3},
	pages		= {795--848},
	year		= {2020},
	month		= {November},
	publisher	= {Springer}
}

@article{Lambrecht19,
	title		= {Algorithmic bias? {A}n empirical study of apparent gender-based discrimination in the display of STEM career ads},
	author		= {A. Lambrecht and C. Tucker},
	journal		= {Management science},
	volume		= {65},
	number		= {7},
	pages		= {2966--2981},
	year		= {2019},
	publisher	= {INFORMS}
}

@misc{Lee19,
	author		= {N.T. Lee and P. Resnick and G. Barton},
	howpublished	= {Brookings Institution Report},
	title		= {Algorithmic bias detection and mitigation: Best practices and policies to reduce consumer harms},
	url		= {https://www.brookings.edu/articles/algorithmic-bias-detection-and-mitigation-best-practices-and-policies-to-reduce-consumer-harms/},
	year		= {2019},
	month		= {May},
	day		= {22},
	note		= {Accessed April 25, 2023}
}

@article{Li18,
	author    	= {L. Li and J. Chen and S. Raghunathan},
	title     	= {Recommender System Rethink: Implications for an Electronic Marketplace with Competing Manufacturers},
	journal   	= {Information Systems Research},
	year      	= {2018},
	volume    	= {29},
	number    	= {4},
	month		= {December},
	pages     	= {1003--1023}
}

@inproceedings{Mansoury20,
	title		={Feedback loop and bias amplification in recommender systems},
	author		={M. Mansoury and H. Abdollahpouri and M. Pechenizkiy and B. Mobasher and R. Burke},
	booktitle	={Proceedings of the 29th ACM International Conference on Information \& Knowledge Management},
	pages		={2145--2148},
	year		={2020}
}

@article{Montgomery09,
	title		= {Prospects for Personalization on the Internet},
	author		= {A.L. Montgomery and M.D. Smith},
	journal		= {Journal of Interactive Marketing},
	volume		= {23},
	number		= {2},
	pages		= {130--137},
	year		= {2009},
	publisher	= {SAGE Publications Sage CA: Los Angeles, CA}
}

@article{Oestreicher12,
	title		= {Recommendation networks and the long tail of electronic commerce},
	author		= {G. Oestreicher-Singer and A. Sundararajan},
	journal		= {MIS Quarterly},
	volume		= {36},
	number		= {1},
	month		= {March},
	pages		= {65--83},
	year		= {2012},
	publisher	= {JSTOR}
}

@misc{Rowan20,
	author		= {M. Rowan},
	title		= {Key Challenges With Personalized Marketing And How To Overcome Them},
	howpublished 	= {Forbes.com},
	url		= {https://www.forbes.com/sites/forbesagencycouncil/2020/02/11/key-challenges-with-person alized-marketing-and-how-to-overcome-them/},
	year		= {2020},
	month		= {Feb},
	day		= {11},
	note		= {Accessed May 25, 2023}
}

@article{Silva19,
	title		= {Algorithms, platforms, and ethnic bias},
	author		= {S. Silva and M. Kenney},
	journal		= {Communications of the ACM},
	volume		= {62},
	number		= {11},
	pages		= {37--39},
	year		= {2019},
	publisher	= {ACM New York, NY, USA}
}

@misc{Yuan23,
	author 		= {D. Yuan and M. Aseri and T. Mukhopadhyay},
	title 		= {Is Fair Advertising Good for Platforms?},
	howpublished	= {Social Science Research Network},
	Year 		= {2023},
	url		= {https://ssrn.com/abstract=4444865},
	month		= {May},
	note		= {Accessed June 4, 2023}
}